@inproceedings{Luca:1,
author    = "{Sbardella, L. and Peir\'{o}, J.}",
title     = "{Numerical Simulation of Stator-Rotor Interaction
              in a Transonic Turbine Stage}",
booktitle = "International Forum on Aeroelasticity and Structural
             Dynamics",
Address   = "Rome",
year      =  1997,
}
@techreport{Luca:2,
author      = "{Sbardella, L.}",
title       = "{CFD Analysis of Noise Propagation}",
institution = "Imperial College, London",
number      = "VUTC/C/97004",
Year        = 1997,
}
@inproceedings{Luca:3,
author    = "{Sbardella, L., Sayma, A.I. and Imregun, M.}",
title     = "{Semi-Unstructured Mesh Generator for Flow Calculations
              in Axial Turbomachinery Blading}",
booktitle = "$8th$ International Symposium on Unsteady Aerodynamics
             and Aeroelasticity of Turbomachines (ISUAAT)",
year      =  1997,
pages     = "541-554",
address   = "Stockholm",
}
@techreport{Luca:4,
author      = "{Sbardella, L.}",
title       = "{Flow and Flutter Calculation for a Lightly-Damaged Fan}",
institution = "Imperial College, London",
number      = "VUTC/C/97014",
Year        = 1997,
}
@techreport{Luca:5,
author      = "{Sbardella, L.}",
title       = "{LEVMAP 2.0, a Mesh Generator for the CFD Modelling
                of Turbomachinery Blades: User Guide}",
institution = "Imperial College, London",
number      = "VUTC/C/97022",
Year        = 1998,
}
@techreport{Luca:6,
author      = "{Sbardella, L.}",
title       = "{Time-domain Simulation of Sound Attenuation
                in Lined Ducts}",
institution = "Imperial College, London",
number      = "VUTC/CB11/98006",
Year        = 1998,
}
@inproceedings{Luca:7,
author    = "{Sbardella, L. and Imregun, M.}",
title     = "{Turbulent Viscous Flow Simulations using Hybrid
              Grids}",
Publisher = "AIAA Paper 99-0781",
year      = 1999,
}
@techreport{Luca:8,
author      = "{Grosclaude, T., Br\'{e}ard, C. and Sayma, A.I.}",
title       = "{Extension of the LEVMAP Mesh Generator to
                Radial-Flow Blades}",
institution = "Imperial College, London",
number      = "VUTC/AP/99005",
Year        = 1999,
}
@article{Luca:9,
author  = "{Sbardella, L., Sayma, A.I. and Imregun, M.}",
title   = "{Semi-structured Meshes for Axial Turbomachinery Blades}",
journal = "International Journal for Numerical Methods in Fluids",
year    = 2000,
volume  = 32,
pages   = "569-584",
}
@article{Luca:10,
author  = "{Sayma, A.I., Vahdati, M., Sbardella, L. and Imregun, M.}",
title   = "{Modelling of Three-dimensional Viscous Compressible Turbomachinery
           Flows using Unstructured Hybrid Grids}",
journal = "AIAA Journal",
year    = 2000,
volume  = 38,
number  = 3,
pages   = "569-584",
}
@article{Luca:11,
author  = "{Sbardella, L. and Imregun, M.}",
title   = "{An Efficient Discretisation of Viscous Fluxes on
            Unstructured Mixed-Element Grids}",
journal = "Communications in Numerical Methods in Engineering",
year    = 2000,
pages   = "To appear",
}
@inproceedings{Luca:12,
author    = "{Vahdati, M., Sayma, A.I., Sbardella, L., Marshall, J.G. and Imregun, M.}",
title     = "{Ranking of Numerical Methods for Fan Flutter Prediction}",
booktitle = "$9th$ International Symposium on Unsteady Aerodynamics
             and Aeroelasticity of Turbomachines (ISUAAT)",
year      =  2000,
address   = "Lyon",
}
